@misc{lorem, 
		title={lorem ipsum}, 
		url={https://lipsum.com/}
}
