@article{mauro_18AD, title={Mitigating the COVID Economic Crisis: Act fast and Do Whatever It Takes}, url={https://voxeu.org/content/mitigating-covid-economic-crisis-act-fast-and-do-whatever-it-takes}, journal={CEPR Press}, year={18AD}}

@book{coombs_2019, place={Thousand Oaks, CA}, title={Ongoing crisis communication: planning, managing, and responding}, publisher={SAGE Publications, Inc.}, author={W. Timothy, Coombs} , year={2019}}

@book{glaesser_2006, place={Boston}, title={Crisis management in the tourism industry}, publisher={Butterworth-Heinemann}, author={Glaesser, Dirk}, year={2006}}

@article{hvass_2013, title={Tourism Social Media and Crisis Communication: An Erupting Trend}, DOI={10.1108/s1571-5043(2013)0000018012}, journal={Tourism Social Science Series Tourism Social Media: Transformations in Identity, Community and Culture}, author={Hvass, Kristian Anders}, year={2013}, month={Sep}, pages={177–191}}

@article{kerlin_nigel_2006, title={Expecting the Unexpected: Crisis Communication Preparedness In The Tourism Industry }, url={http://hdl.handle.net/20.500.11937/14612}, note={Asia Pacific Public Relations Journal 6}, author={Kerlin, Karen and Nigel, De Bussy}, year={2006}}

@misc{shaulova_biagi, title={Coronavirus: impact on the aviation industry worldwide}, url={https://www.statista.com/study/71610/coronavirus-impact-on-the-aviation-industry-worldwide/.}, journal={Statista}, author={Shaulova, Esther and Biagi, Lodovica}}

@misc{serhan_2020, title={The Other Problematic Outbreak}, url={https://www.theatlantic.com/international/archive/2020/03/coronavirus-covid19-xenophobia-racism/607816/}, journal={The Atlantic}, publisher={Atlantic Media Company}, author={Yasmeen, Serhan and Timothy, McLaughlin}, year={2020}, month={Mar}}

@misc{unwto, title={WORLD TOURISM ORGANIZATION}, url={https://www.unwto.org/impact-assessment-of-the-covid-19-outbreak-on-international-tourism?fbclid=IwAR1uunrIphawlmsNmJZ4x9VnSPtk3gfZ6mDaY3HFx5KKJi_slV7E61mJsgI}, journal={UNWTO}}

@misc{baldwin_mauro_2020, title={Mitigating the COVID Economic Crisis: Act Fast and Do Whatever It}, url={https://voxeu.org/content/mitigating-covid-economic-crisis-act-fast-and-do-whatever-it-takes}, journal={Mitigating the COVID Economic Crisis: Act Fast and Do Whatever It Takes | VOX, CEPR Policy Portal}, publisher={CEPR Press}, year={2020}}

@misc{iata, url={https://www.iata.org/en/iata-repository/publications/economic-reports/covid-19-wider-economic-impact-from-air-transport-collapse/}}

@article{fernandes_2020, title={Economic Effects of Coronavirus Outbreak (COVID-19) on the World Economy}, DOI={10.2139/ssrn.3557504}, journal={SSRN Electronic Journal}, author={Fernandes, Nuno}, year={2020}}

@misc{hotrec_2020, title={European Tourism Sector Demands Urgent Supportive Measures To Reduce Devastating Impact Of COVID-19}, url={https://www.hospitalitynet.org/news/4097728.html}, journal={Hospitality Net}, publisher={Hospitality Net}, author={Hotrec}, year={2020}, month={Mar}}

@article{oecd_economic, author={OECD}, title={Corona-Virus: The world economy at risk}, DOI={10.1787/7969896b-en}, journal={OECD Economic Outlook}, year={2020}, month={Feb}}

@article{miller_2004, title={Crisis Communication and Recovery for the Tourism Industry}, volume={15}, DOI={10.1300/j073v15n02_11}, number={2-3}, journal={Journal of Travel \& Tourism Marketing}, author={Ritchie, Brent W. and Dorrell, Humphrey and Miller, Daniela and Miller, Graham A.}, year={2004}, pages={199–216}}

@misc{ospina_statista, title={The coronavirus disease (COVID-19) pandemic 2019-20}, url={https://www.statista.com/study/71007/the-coronavirus-disease-covid-19-outbreak/}, journal={Statista}, author={Roser, M. and Ritchie, H. and Ortiz-Ospina, E.}}

@book{seeger_2019, place={Thousand Oaks}, title={Effective crisis communication: moving from crisis to opportunity}, publisher={SAGE Publications}, author={Ulmer, Robert R. and Sellnow, Timothy L. and Seeger, Matthew W.}, year={2019}}
